Citation # 1
@misc{Antic,
author = {},
  title = {{ANTIC} -- {A}lgebraic {N}umber {T}heory {I}n {C}},
  publisher = {GitHub},
  journal = {GitHub repository},
  howpublished = {\url{https://github.com/flintlib/antic}}
}

Citation # 2
@misc{JuliaClusterManagers,
author = {},
  title = {{C}luster{M}anagers {J}ulia {P}ackage},
  publisher = {GitHub},
  journal = {GitHub repository},
  howpublished = {\url{https://github.com/JuliaParallel/ClusterManagers.jl}}
}

Citation # 3
@misc{cxxwrap,
author = {},
  title = {{C}xx{W}rap.jl: {P}ackage to make {C}++ libraries available in {J}ulia},
  publisher = {GitHub},
  journal = {GitHub repository},
  howpublished = {\url{https://github.com/JuliaInterop/CxxWrap.jl}},
}

Citation # 4
@misc{Distributedjl,
author = {},
  title = {{D}istributed.jl: {C}reate and control multiple {J}ulia processes remotely for distributed computing. Ships as a {J}ulia stdlib.},
  publisher = {GitHub},
  journal = {GitHub repository},
  howpublished = {\url{https://github.com/JuliaLang/Distributed.jl}}
}

Citation # 5
@misc{Graphviz81:online,
author = {},
title = {Graphviz},
howpublished = {\url{https://www.graphviz.org/}}
}

Citation # 6
@misc{HDF5,
author = {},
  title = {{HDF5}.jl {F}ile {F}ormat},
  publisher = {GitHub},
  journal = {GitHub repository},
  howpublished = {\url{https://juliaio.github.io/HDF5.jl/stable/}}
}

Citation # 7
@misc{Introduction_to_petri_nets_book,
author = {},
title = {{I}ntroduction to {P}etri {N}ets},
howpublished = {\url{https://link.springer.com/chapter/10.1007/978-1-4471-4276-8_10}}
}

Citation # 8
@misc{JLD2,
  author = {},
  title = {{JLD2} {F}ile {F}ormat},
  publisher = {GitHub},
  journal = {GitHub repository},
  howpublished = {\url{https://github.com/JuliaIO/JLD2.jl}}
}

Citation # 9
@misc{Plutojl,
author = {},
  title = {Pluto.jl — interactive {J}ulia programming environment},
  publisher = {GitHub},
  journal = {GitHub repository},
  howpublished = {\url{https://plutojl.org/}}
}

Citation # 10
@misc{Jupyter,
  author = {},
  title = {{P}roject {J}upyter},
  howpublished = {\url{https://jupyter.org/}},
}

Citation # 11
@misc{Understanding_Petri_nets_book,
author = {},
title = {{U}nderstanding {P}etri {N}ets: {M}odeling {T}echniques, {A}nalysis {M}ethods, {C}ase {S}tudies},
howpublished = {\url{https://link.springer.com/book/10.1007/978-3-642-33278-4}}
}

Citation # 12
@article{dagger1,
  title={{D}ynamic {T}ask {S}cheduling with {D}ata {D}ependency {A}wareness using {J}ulia},
  author={Alomairy, R. and Tome, F. and Samaroo, J. and Edelman, A.},
  pages={1--6},
  year={2024},
  publisher={MIT Open Access Articles}
}

Citation # 13
@inproceedings{gpispace_paper_singular,
author = {B\"{o}hm, J. and Fr\"{u}hbis-Kr\"{u}ger, A.},
title = {{M}assively {P}arallel {C}omputations in {A}lgebraic {G}eometry},
year = {2021},
isbn = {9781450383820},
publisher = {Association for Computing Machinery},
address = {New York, NY, USA},
url = {https://doi.org/10.1145/3452143.3465510},
doi = {10.1145/3452143.3465510},
booktitle = {Proceedings of the 2021 International Symposium on Symbolic and Algebraic Computation},
pages = {11–14},
numpages = {4},
keywords = {computational algebraic geometry, computational commutative algebra, gpi-space, massively parallel methods, parallel computing, petri nets, singular},
location = {Virtual Event, Russian Federation},
series = {ISSAC '21}
}

Citation # 14
@Manual{dask,
  title = {Dask: Library for dynamic task scheduling},
  author = {{Dask Development Team}},
  year = {2016},
  url = {http://dask.pydata.org},
}

Citation # 15
@misc{DistributedWorkflows,
  author    = {Dastur, F. and Zeyen, M. and Rahn, M.},
  title     = {{D}istributed{W}orkflows.jl - {A} {J}ulia interface to a distributed 
               task-based workflow management system},
  year     = {2024},
  month    = {January},
  publisher = {GitHub},
  journal = {GitHub repository},
  
  howpublished = {\url{https://firoozehdastur.github.io/DistributedWorkflows.jl/stable/}}
}

Citation # 16
@misc {DGPS_Singular,
 title = {{\sc Singular} {4-4-0} --- {A} computer algebra system for polynomial computations},
 author = {Decker, W. and Greuel, G.M. and Pfister, G. and Sch\"onemann, H.},
 year = {2024},
 howpublished = {\url{http://www.singular.uni-kl.de}},
}

Citation # 17
@article{blackhole_merger,
doi = {10.3847/1538-4357/aad8b4},
url = {https://dx.doi.org/10.3847/1538-4357/aad8b4},
year = {2018},
month = {oct},
publisher = {The American Astronomical Society},
volume = {865},
number = {2},
pages = {140},
author = {d’Ascoli, S. and Noble, S.C. and Bowen, D.B.  and Campanelli, M. and Krolik, J.H. and Mewes, V.},
title = {{E}lectromagnetic {E}mission from {S}upermassive {B}inary {B}lack {H}oles {A}pproaching {M}erger},
journal = {The Astrophysical Journal},
}

Citation # 18
@misc {GSPC,
  author = {Fraunhofer ITWM, Competence Center High Performance Computing},
  title = {{GPI}-{S}pace},
  year = {2020},
  month = {September},
  howpublished = {\url{https://www.gpi-space.de}},
}

Citation # 19
@manual{GAP4,
    organization = "The GAP~Group",
    title        = "{GAP -- Groups, Algorithms, and Programming,
                    Version 4.14.0}",
    year         = 2024,
    url          = "\url{https://www.gap-system.org}",
}

Citation # 20
@Inbook{Polymake,
author="Gawrilow, E.
and Joswig, M.",
editor="Kalai, Gil
and Ziegler, G{\"u}nter M.",
title="polymake: a {F}ramework for {A}nalyzing {C}onvex {P}olytopes",
bookTitle="Polytopes --- Combinatorics and Computation",
year="2000",
publisher="Birkh{\"a}user Basel",
address="Basel",
pages="43--73",
isbn="978-3-0348-8438-9",
doi="10.1007/978-3-0348-8438-9_2",
url="https://doi.org/10.1007/978-3-0348-8438-9_2"
}

Citation # 21
@article{gpispace_paper_seismic,
   author = {Gruenewald, D. and Ettrich, N. and Rahn, M. and Pfreundt, F.J.},
   title = {{FRTM} - {A} {P}roductive {F}ramework for {R}everse {T}ime {M}igration}, 
   year = {2014},
   doi = {https://doi.org/10.3997/2214-4609.20141914},
   url = {https://www.earthdoc.org/content/papers/10.3997/2214-4609.20141914},
   publisher = {European Association of Geoscientists &amp; Engineers},
   issn = {2214-4609},
   eid = {cp-426-00011},
}

Citation # 22
@INPROCEEDINGS{in_situ_visualization_large_scale_fusion_simulation,
  author={Kress, J. and Pugmire, D. and Klasky, S. and Childs, H.},
  booktitle={2016 Second Workshop on In Situ Infrastructures for Enabling Extreme-Scale Analysis and Visualization (ISAV)}, 
  title={{V}isualization and {A}nalysis {R}equirements for in {S}itu {P}rocessing for a {L}arge-{S}cale {F}usion {S}imulation {C}ode}, 
  year={2016},
  pages={45-50},
  keywords={Data visualization;Computational modeling;Data models;Analytical models;Interviews;Three-dimensional displays;Tokamak devices},
  doi={10.1109/ISAV.2016.014}
}

Citation # 23
@Inbook{WeatherForcast_HPC_paper,
author="Michalakes, J.",
editor="Grama, A.
and Sameh, A. H.",
title="{{HPC} for {W}eather {F}orecasting}",
bookTitle="Parallel Algorithms in Computational Science and Engineering",
year="2020",
publisher="Springer International Publishing",
address="Cham",
pages="297--323",
isbn="978-3-030-43736-7",
doi="10.1007/978-3-030-43736-7_10",
url="https://doi.org/10.1007/978-3-030-43736-7_10"
}

Citation # 24
@ARTICLE{IEEE_1989paper_petrinets_and_its_applications,
  author={Murata, T.},
  journal={Proceedings of the IEEE}, 
  title={{P}etri nets: {P}roperties, analysis and applications}, 
  year={1989},
  volume={77},
  number={4},
  pages={541-580},
  keywords={Petri nets;Mathematical model;Information processing;Stochastic systems;Equations;Power system modeling;Books;History;Stochastic processes;Logic programming},
  doi={10.1109/5.24143}
}

Citation # 25
@misc{OSCAR,
  key          = {OSCAR},
  organization = {The OSCAR Team},
  title        = {{OSCAR} -- {O}pen {S}ource {C}omputer {A}lgebra {R}esearch system,
                  {V}ersion 1.3.0-{DEV}},
  year         = {2024},
  url          = {https://www.oscar-system.org},
}

Citation # 26
@inproceedings{asteroid_vis_paper,
title = {{V}isualization and {A}nalysis of {T}hreats from {A}steroid {O}cean {I}mpacts},
author = {Patchett, J. and Samsel, F. and Tsai, K. and Gisler, G. and Rogers, D. and Abram, G. and Turton, T.},
url = {http://datascience.dsscale.org/wp-content/uploads/2017/08/VisualizationAndAnalysisOfThreatsFromAsteroidOceanImpacts.pdf},
year = {2016},
date = {2016-01-01},
journal = {2016 ACM/IEEE International Conference for High Performance Computing, Networking, Storage, and Analysis (SC)},
note = {Winner, Best Scientific Visualization and Data Analytics Showcase; LA-UR-16-26258},
keywords = {asteroid, visualization and data analysis},
pubstate = {published},
tppubtype = {inproceedings}
}

Citation # 27
@phdthesis{petri_nets,
    author = {Petri, C. A.},
    title = {Kommunikation mit Automaten},
    school = {Technische Hochschule Darmstadt},
    year = {1962},
    type = {PhD thesis},
    note = {Available at \url{https://www2.informatik.uni-hamburg.de/TGI/mitarbeiter/profs/petri/PetriDis.pdf}}
}

Citation # 28
@article{biology_example_petrinets_openaccess,
    doi = {10.1371/journal.pone.0217913},
    author = {Radom, M. AND Machnicka, M. A. AND Krwawicz, J. AND Bujnicki, J. M. AND Formanowicz, P.},
    journal = {PLOS ONE},
    publisher = {Public Library of Science},
    title = {{P}etri net–based model of the human {DNA} base excision repair pathway},
    year = {2019},
    month = {09},
    volume = {14},
    url = {https://doi.org/10.1371/journal.pone.0217913},
    pages = {1-26},
}

Citation # 29
@inproceedings{gpispace_paper_mapreduce,
  title={{M}ap{R}educe in {GPI}-{S}pace},
  author={Rotaru, T. and Rahn, M. and Pfreundt, F.J.},
  booktitle={{E}uro-{P}ar 2013: {P}arallel {P}rocessing {W}orkshops: {B}igData{C}loud, {DIHC}, {F}ed{ICI}, {H}etero{P}ar, {H}i{BB}, {LSDVE}, {MHPC}, {OMHI}, {PADABS}, {PROPER}, {R}esilience, {ROME}, and {UCHPC} 2013, {A}achen, {G}ermany, {A}ugust 26-27, 2013. {R}evised {S}elected {P}apers 19},
  pages={43--52},
  year={2014},
  organization={Springer}
}

Citation # 30
@article{dagger2,
  title={{E}fficient {D}ynamic {T}ask {S}cheduling in {H}eterogeneous {E}nvironments with {J}ulia},
  author={Samaroo, J. and Alomairy, R. and Giordano, M. and Edelman, A.},
  year={2024},
  publisher={MIT Open Access Articles}
}

Citation # 31
@article {TheJuly2019EuropeanHeatWaveinaWarmerClimateStorylineScenarioswithaCoupledModelUsingSpectralNudging,
      author = "Sánchez-Benítez, A. and Goessling, H. and Pithan, F. and Semmler, T. and Jung, T.",
      title = "{T}he {J}uly 2019 {E}uropean {H}eat {W}ave in a {W}armer {C}limate: {S}toryline {S}cenarios with a {C}oupled {M}odel {U}sing {S}pectral {N}udging",
      journal = "Journal of Climate",
      year = "2022",
      publisher = "American Meteorological Society",
      address = "Boston MA, USA",
      volume = "35",
      number = "8",
      doi = "10.1175/JCLI-D-21-0573.1",
      pages=      "2373 - 2390",
      url = "https://journals.ametsoc.org/view/journals/clim/35/8/JCLI-D-21-0573.1.xml"
}

Citation # 32
@ARTICLE{petri_nets_paper_IEEE_inhibitor_nets,
  author={Zaitsev, D. A.},
  journal={IEEE Transactions on Systems, Man, and Cybernetics: Systems}, 
  title={{T}oward the {M}inimal {U}niversal {P}etri {N}et}, 
  year={2014},
  volume={44},
  number={1},
  pages={47-58},
  keywords={Inhibitors;Encoding;Switches;Complexity theory;Petri nets;Indexes;Bi-tag system;complexity;simulation;universal Petri net;universal Turing machine (TM)},
  doi={10.1109/TSMC.2012.2237549}
}

=======================================================
